%% This BibTeX bibliography file was created using BibDesk.
%% http://bibdesk.sourceforge.net/

%% Created for George, Andrew (Digital, Dutton Park) at 2017-11-07 10:42:02 +1000 


%% Saved with string encoding Unicode (UTF-8) 



@article{zhao2007arabidopsis,
	Author = {Zhao, Keyan and Aranzana, Mar{\'\i}a Jos{\'e} and Kim, Sung and Lister, Clare and Shindo, Chikako and Tang, Chunlao and Toomajian, Christopher and Zheng, Honggang and Dean, Caroline and Marjoram, Paul and others},
	Date-Added = {2017-11-07 00:41:39 +0000},
	Date-Modified = {2017-11-07 00:41:39 +0000},
	Journal = {PLoS genetics},
	Number = {1},
	Pages = {e4},
	Publisher = {Public Library of Science},
	Title = {An Arabidopsis example of association mapping in structured samples},
	Volume = {3},
	Year = {2007}}

@article{yu2006unified,
	Author = {Yu, Jianming and Pressoir, Gael and Briggs, William H and Bi, Irie Vroh and Yamasaki, Masanori and Doebley, John F and McMullen, Michael D and Gaut, Brandon S and Nielsen, Dahlia M and Holland, James B and others},
	Date-Added = {2017-11-07 00:39:50 +0000},
	Date-Modified = {2017-11-07 00:39:50 +0000},
	Journal = {Nature genetics},
	Number = {2},
	Pages = {203--208},
	Publisher = {Nature Publishing Group},
	Title = {A unified mixed-model method for association mapping that accounts for multiple levels of relatedness},
	Volume = {38},
	Year = {2006}}

@article{lippert2011fast,
	Author = {Lippert, Christoph and Listgarten, Jennifer and Liu, Ying and Kadie, Carl M and Davidson, Robert I and Heckerman, David},
	Date-Added = {2017-11-07 00:35:56 +0000},
	Date-Modified = {2017-11-07 00:35:56 +0000},
	Journal = {Nature methods},
	Number = {10},
	Pages = {833--835},
	Publisher = {Nature Research},
	Title = {FaST linear mixed models for genome-wide association studies},
	Volume = {8},
	Year = {2011}}

@article{szymczak2016r2vim,
	Author = {Szymczak, Silke and Holzinger, Emily and Dasgupta, Abhijit and Malley, James D and Molloy, Anne M and Mills, James L and Brody, Lawrence C and Stambolian, Dwight and Bailey-Wilson, Joan E},
	Date-Added = {2017-11-02 00:47:49 +0000},
	Date-Modified = {2017-11-02 00:47:49 +0000},
	Journal = {BioData mining},
	Number = {1},
	Pages = {7},
	Publisher = {BioMed Central},
	Title = {r2VIM: A new variable selection method for random forests in genome-wide association studies},
	Volume = {9},
	Year = {2016}}

@inproceedings{ogutu2012genomic,
	Author = {Ogutu, Joseph O and Schulz-Streeck, Torben and Piepho, Hans-Peter},
	Booktitle = {BMC proceedings},
	Date-Added = {2017-11-01 23:20:34 +0000},
	Date-Modified = {2017-11-02 00:54:27 +0000},
	Organization = {BioMed Central},
	Pages = {S10},
	Title = {Genomic selection using regularized linear regression models: ridge regression, lasso, elastic net and their extensions},
	Volume = {6},
	Year = {2012}}

@article{heslot2012genomic,
	Author = {Heslot, Nicolas and Yang, Hsiao-Pei and Sorrells, Mark E and Jannink, Jean-Luc},
	Date-Added = {2017-11-01 23:18:34 +0000},
	Date-Modified = {2017-11-01 23:18:34 +0000},
	Journal = {Crop Science},
	Number = {1},
	Pages = {146--160},
	Publisher = {The Crop Science Society of America, Inc.},
	Title = {Genomic selection in plant breeding: a comparison of models},
	Volume = {52},
	Year = {2012}}

@article{Friedman2010glmnet,
	Author = {Friedman, Jerome and Hastie, Trevor and Tibshirani, Robert},
	Date-Added = {2017-11-01 22:53:09 +0000},
	Date-Modified = {2017-11-01 22:54:49 +0000},
	Journal = {Journal of Statistical Software},
	Number = {1},
	Pages = {1--22},
	Title = {Regularization Paths for Generalized Linear Models via Coordinate Descent},
	Url = {http://www.jstatsoft.org/v33/i01/},
	Volume = {33},
	Year = {2010},
	Bdsk-Url-1 = {http://www.jstatsoft.org/v33/i01/}}

@article{Tibshirani1996lasso,
	Author = {Tibshirani, Robert},
	Date-Added = {2017-11-01 22:38:42 +0000},
	Date-Modified = {2017-11-01 22:40:21 +0000},
	Journal = {Journal of the Royal Statistical Society. Series B (Methodological)},
	Number = {1},
	Pages = {267-288},
	Title = {Regression Shrinkage and Selection via the Lasso},
	Volume = {58},
	Year = {1996}}

@article{rakitsch2013lasso,
	Author = {Rakitsch, Barbara and Lippert, Christoph and Stegle, Oliver and Borgwardt, Karsten},
	Date-Added = {2017-11-01 22:30:15 +0000},
	Date-Modified = {2017-11-01 22:34:05 +0000},
	Journal = {Bioinformatics},
	Number = {2},
	Pages = {206-214},
	Title = {A Lasso multi-marker mixed model for association mapping with population structure correction},
	Volume = {29},
	Year = {2013}}

@article{huang2015empirical,
	Author = {Huang, Anhui and Xu, Shizhong and Cai, Xiaodong},
	Date-Added = {2017-10-29 23:23:31 +0000},
	Date-Modified = {2017-10-29 23:23:31 +0000},
	Journal = {Heredity},
	Number = {1},
	Pages = {107--115},
	Publisher = {Nature Publishing Group},
	Title = {Empirical Bayesian elastic net for multiple quantitative trait locus mapping},
	Volume = {114},
	Year = {2015}}

@article{cho2010joint,
	Author = {Cho, Seoae and Kim, Kyunga and Kim, Young Jin and Lee, Jong-Keuk and Cho, Yoon Shin and Lee, Jong-Young and Han, Bok-Ghee and Kim, Heebal and Ott, Jurg and Park, Taesung},
	Date-Added = {2017-10-29 23:17:50 +0000},
	Date-Modified = {2017-10-29 23:17:50 +0000},
	Journal = {Annals of human genetics},
	Number = {5},
	Pages = {416--428},
	Publisher = {Wiley Online Library},
	Title = {Joint Identification of Multiple Genetic Variants via Elastic-Net Variable Selection in a Genome-Wide Association Analysis},
	Volume = {74},
	Year = {2010}}

@article{efron2004least,
	Author = {Efron, Bradley and Hastie, Trevor and Johnstone, Iain and Tibshirani, Robert and others},
	Date-Added = {2017-10-27 02:43:40 +0000},
	Date-Modified = {2017-10-27 02:43:40 +0000},
	Journal = {The Annals of statistics},
	Number = {2},
	Pages = {407--499},
	Publisher = {Institute of Mathematical Statistics},
	Title = {Least angle regression},
	Volume = {32},
	Year = {2004}}

@article{zou2005regularization,
	Author = {Zou, Hui and Hastie, Trevor},
	Date-Added = {2017-10-26 00:10:45 +0000},
	Date-Modified = {2017-10-26 00:10:45 +0000},
	Journal = {Journal of the Royal Statistical Society: Series B (Statistical Methodology)},
	Number = {2},
	Pages = {301--320},
	Publisher = {Wiley Online Library},
	Title = {Regularization and variable selection via the elastic net},
	Volume = {67},
	Year = {2005}}

@article{hoerl1970,
	Author = {Hoerl, Arthur E and Kennard, Robert W},
	Date-Added = {2017-10-25 23:54:06 +0000},
	Date-Modified = {2017-10-25 23:57:48 +0000},
	Journal = {Technometrics},
	Number = {1},
	Pages = {55-67},
	Title = {Ridge Regression: Biased Estimation for Nonorthogonal Problems},
	Volume = {12},
	Year = {1970}}

@article{shen2013novel,
	Author = {Shen, Xia and Alam, Moudud and Fikse, Freddy and R{\"o}nneg{\aa}rd, Lars},
	Date-Added = {2017-10-25 01:13:48 +0000},
	Date-Modified = {2017-10-25 01:13:48 +0000},
	Journal = {Genetics},
	Number = {4},
	Pages = {1255--1268},
	Publisher = {Genetics Soc America},
	Title = {A novel generalized ridge regression method for quantitative genetics},
	Volume = {193},
	Year = {2013}}

@article{nicod2016genome,
	Author = {Nicod, J{\'e}r{\^o}me and Davies, Robert W and Cai, Na and Hassett, Carl and Goodstadt, Leo and Cosgrove, Cormac and Yee, Benjamin K and Lionikaite, Vikte and McIntyre, Rebecca E and Remme, Carol Ann and others},
	Date-Added = {2017-10-24 21:40:11 +0000},
	Date-Modified = {2017-10-24 21:40:11 +0000},
	Journal = {Nature genetics},
	Publisher = {Nature Research},
	Title = {Genome-wide association of multiple complex traits in outbred mice by ultra-low-coverage sequencing},
	Year = {2016}}

@article{chen2008extended,
	Author = {Chen, Jiahua and Chen, Zehua},
	Date-Added = {2017-10-24 21:31:27 +0000},
	Date-Modified = {2017-10-24 21:31:27 +0000},
	Journal = {Biometrika},
	Number = {3},
	Pages = {759--771},
	Publisher = {Oxford University Press},
	Title = {Extended Bayesian information criteria for model selection with large model spaces},
	Volume = {95},
	Year = {2008}}

@article{verbyla2007analysis,
	Author = {Verbyla, Ar{\=u}nas P and Cullis, Brian R and Thompson, Robin},
	Date-Added = {2017-10-24 21:27:39 +0000},
	Date-Modified = {2017-10-24 21:27:39 +0000},
	Journal = {Theoretical and Applied Genetics},
	Number = {1},
	Pages = {95},
	Publisher = {Springer},
	Title = {The analysis of QTL by simultaneous use of the full linkage map},
	Volume = {116},
	Year = {2007}}

@article{verbyla2012rwgaim,
	Author = {Verbyla, Ar{\=u}nas P and Taylor, Julian D and Verbyla, Klara L},
	Date-Added = {2017-10-24 21:26:09 +0000},
	Date-Modified = {2017-10-24 21:26:09 +0000},
	Journal = {Genetics Research},
	Number = {6},
	Pages = {291--306},
	Publisher = {Cambridge University Press},
	Title = {RWGAIM: an efficient high-dimensional random whole genome average (QTL) interval mapping approach},
	Volume = {94},
	Year = {2012}}

@article{verbyla2014whole,
	Author = {Verbyla, Ar{\=u}nas P and Cavanagh, Colin R and Verbyla, Klara L},
	Date-Added = {2017-10-24 21:21:19 +0000},
	Date-Modified = {2017-10-24 21:21:19 +0000},
	Journal = {G3: Genes, Genomes, Genetics},
	Number = {9},
	Pages = {1569--1584},
	Publisher = {G3: Genes, Genomes, Genetics},
	Title = {Whole-genome analysis of multienvironment or multitrait QTL in MAGIC},
	Volume = {4},
	Year = {2014}}
